@manual{lab8-manual,
    author = {Hui Hu},
    title = {Measurements of the Boundary Layer over a Flat Plate},
    year = {2024},
    organization = {Iowa State University},
    url = {https://www.aere.iastate.edu/~huhui/teaching/2024-01S/AerE344/lab-instruction/AerE344L-Lab-08-Instruction-BL-Flat-Plat.pdf},
}